% Encoding: UTF-8

@Book{Material,
  title = {電気電子工学実習テキスト},
  year  = {2020},
}

@Comment{jabref-meta: databaseType:bibtex;}
